@phdthesis{Fielding2000ArchitecturalArchitectures,
    title = {{Architectural Styles and the Design of Network-based Software Architectures}},
    year = {2000},
    booktitle = {Doctoral thesis},
    author = {Fielding, Roy Thomas},
    isbn = {0599871180},
    doi = {10.1.1.91.2433},
    issn = {1098-6596},
    pmid = {25246403},
    arxivId = {arXiv:1011.1669v3}
}

@article{Kazman2000ATAMEvaluation,
    title = {{ATAM : Method for Architecture Evaluation}},
    year = {2000},
    journal = {Cmusei},
    author = {Kazman, Rick and Klein, Mark and Clements, Paul},
    isbn = {CMU/SEI-2000-TR-004},
    doi = {(CMU/SEI-2000-TR-004, ADA382629)},
    issn = {CMU/SEI-2000-TR-004},
    keywords = {software architecture, architectural analysis, ATA}
}

@misc{GraphQL-Documentation2018Basics2018,
    title = {{Basics Tutorial - Introduction. Last Visited Dec 15 2018}},
    year = {2018},
    author = {{GraphQL-Documentation}},
    url = {https://www.howtographql.com/basics/0-introduction/}
}

@article{Zalewski2013BeyondSystems,
    title = {{Beyond ATAM: Early architecture evaluation method for large-scale distributed systems}},
    year = {2013},
    journal = {Journal of Systems and Software},
    author = {Zalewski, Andrzej and Kijas, Szymon},
    doi = {10.1016/j.jss.2012.10.923},
    issn = {01641212},
    keywords = {Architectural decisions, Architecture analysis, Architecture reviews}
}

@article{Calonder2012BRIEF:Fast,
    title = {{BRIEF: Computing a local binary descriptor very fast}},
    year = {2012},
    journal = {IEEE Transactions on Pattern Analysis and Machine Intelligence},
    author = {Calonder, Michael and Lepetit, Vincent and {\"{O}}zuysal, Mustafa and Trzcinski, Tomasz and Strecha, Christoph and Fua, Pascal},
    isbn = {0162-8828},
    doi = {10.1109/TPAMI.2011.222},
    issn = {01628828},
    pmid = {22084141},
    keywords = {Image processing and computer vision, augmented reality, feature matching, real-time matching}
}

@inproceedings{Leutenegger2011BRISK:Keypoints,
    title = {{BRISK: Binary Robust invariant scalable keypoints}},
    year = {2011},
    booktitle = {Proceedings of the IEEE International Conference on Computer Vision},
    author = {Leutenegger, Stefan and Chli, Margarita and Siegwart, Roland Y.},
    isbn = {9781457711015},
    doi = {10.1109/ICCV.2011.6126542},
    issn = {1550-5499},
    pmid = {4856406}
}

@book{Newman2015BuildingMicroservices,
    title = {{Building Microservices}},
    year = {2015},
    booktitle = {O'Reilly},
    author = {Newman, Sam},
    isbn = {978-1-491-95035-7},
    keywords = {www.it-ebooks.info}
}

@article{Arsanjani2004CH5.3Architecture,
    title = {{CH5.3 - Service-oriented modeling and architecture}},
    year = {2004},
    journal = {IBM developer works},
    author = {Arsanjani, Ali},
    isbn = {0-7695-2670-5},
    doi = {10.1109/SCC.2006.93}
}

@misc{Google-Cloud-Documentation2018Cloud2018,
    title = {{Cloud Endpoints f{\"{u}}r gRPC. Last visited Dec 15 2018}},
    year = {2018},
    author = {{Google-Cloud-Documentation}},
    url = {https://cloud.google.com/endpoints/docs/grpc/about-grpc}
}

@article{Lowe2004DistinctiveKeypoints,
    title = {{Distinctive image features from scale-invariant keypoints}},
    year = {2004},
    journal = {International Journal of Computer Vision},
    author = {Lowe, David G.},
    isbn = {1568811012},
    doi = {10.1023/B:VISI.0000029664.99615.94},
    issn = {09205691},
    pmid = {20064111},
    arxivId = {cs/0112017},
    keywords = {Image matching, Invariant features, Object recognition, Scale invariance}
}

@misc{N.A.Docker2019,
    title = {{Docker SDK for Python. Last visited May 4th 2019}},
    author = {{N.A.}},
    url = {https://docker-py.readthedocs.io/en/stable/}
}

@misc{Wurbs2017Docker2018.,
    title = {{Docker versus VM: Wie Container die heutige IT veraendern. Last visited Dec 15 2018.}},
    year = {2017},
    author = {Wurbs, Peter},
    url = {https://jaxenter.de/docker-vs-vm-54816}
}

@misc{Thurig2014Docker2018,
    title = {{Docker vs. Heroku. Last visited Dec 15 2018}},
    year = {2014},
    author = {Thurig, Thomas},
    url = {https://tuhrig.de/docker-vs-heroku/}
}

@book{Jones2001EvaluateStudy,
    title = {{Evaluate a Wargame Simulation System: A Case Study}},
    year = {2001},
    author = {Jones, Lawrence and Lattanze, Anthony},
    publisher = {Carnegie Mellon University},
    url = {http://www.sei.cmu.edu/publications/documents/01.reports/01tn022.html},
    address = {Pittsburgh}
}

@article{Bianco2007EvaluatingArchitecture,
    title = {{Evaluating a Service-Oriented Architecture}},
    year = {2007},
    journal = {Carnegie Mellon University Research Showcase Software Engineering Institute},
    author = {Bianco, Philip and Kotermanski, Rick and Merson, Paulo F}
}

@inproceedings{Kazman2008ExperienceAnalysis,
    title = {{Experience with performing architecture tradeoff analysis}},
    year = {2008},
    author = {Kazman, Rick and Barbacci, Mario and Klein, Mark and Carri{\`{e}}re, S. Jeromy and Woods, Steven G.},
    doi = {10.1145/302405.302452}
}

@inproceedings{Alcantarilla2013FastSpaces,
    title = {{Fast Explicit Diffusion for Accelerated Features in Nonlinear Scale Spaces}},
    year = {2013},
    booktitle = {Procedings of the British Machine Vision Conference 2013},
    author = {Alcantarilla, Pablo and Nuevo, Jesus and Bartoli, Adrien},
    isbn = {1-901725-49-9},
    doi = {10.5244/C.27.13}
}

@misc{EMVA2019GenICam2019,
    title = {{GenICam Interface Standard. Last visited May 4th 2019}},
    year = {2019},
    author = {{EMVA}},
    url = {https://www.emva.org/standards-technology/genicam/}
}

@misc{Google-Cloud-Documentation2019Google2019-04-26,
    title = {{Google Cloud Vision RPC API. Last visited 2019-04-26}},
    year = {2019},
    author = {{Google-Cloud-Documentation}},
    url = {https://cloud.google.com/vision/docs/reference/rpc/}
}

@misc{N.A.2017Grpc-gateway.2018,
    title = {{grpc-gateway. Last visited Dec 15 2018}},
    year = {2017},
    author = {{N.A.}},
    url = {https://github.com/grpc-ecosystem/grpc-gateway}
}

@misc{Google-Cloud-Documentation2018HTTP/JSON2018,
    title = {{HTTP/JSON fuer gRPC transcodieren. Last visited Dec 15 2018}},
    year = {2018},
    author = {{Google-Cloud-Documentation}},
    url = {https://cloud.google.com/endpoints/docs/grpc/transcoding}
}

@article{Cavalieri2019IntegratingInteroperability,
    title = {{Integrating OPC UA with web technologies to enhance interoperability}},
    year = {2019},
    journal = {Computer Standards and Interfaces},
    author = {Cavalieri, Salvatore and Salafia, Marco Giuseppe and Scroppo, Marco Stefano},
    doi = {10.1016/j.csi.2018.04.004},
    issn = {09205489},
    keywords = {IIoT, OPC UA, REST architecture, Web technologies}
}

@phdthesis{Ronnholm2018IntegrationTranslator,
    title = {{Integration of OPC Unified Architecture with IIoT Communication Protocols in an Arrowhead Translator}},
    year = {2018},
    author = {R{\"{o}}nnholm, Jesper},
    school = {Lule{\aa} University of Technology}
}

@misc{InternationalOrganizationForStandardization1996ISO/IECEd.,
    title = {{ISO/IEC 7498-1:1994 Information Technology - Open Systems Interconnection - Basic Reference Model: The Basic Model (2nd ed.)}},
    year = {1996},
    booktitle = {International Standard ISO/IEC 74981},
    author = {{International Organization For Standardization}},
    isbn = {ISO/IEC 7498-1-1994(E)},
    doi = {10.1097/SAP.0b013e3181856d85},
    issn = {10754210},
    pmid = {19461270}
}

@misc{N.A.2019Java-grpc-prometheus.2019,
    title = {{java-grpc-prometheus. Last visited May 4th 2019}},
    year = {2019},
    author = {{N.A.}},
    url = {https://github.com/grpc-ecosystem/java-grpc-prometheus}
}

@inproceedings{Alcantarilla2012KAZEFeatures,
    title = {{KAZE features}},
    year = {2012},
    booktitle = {Lecture Notes in Computer Science (including subseries Lecture Notes in Artificial Intelligence and Lecture Notes in Bioinformatics)},
    author = {Alcantarilla, Pablo Fern√°ndez and Bartoli, Adrien and Davison, Andrew J.},
    isbn = {9783642337826},
    doi = {10.1007/978-3-642-33783-3{\_}16},
    issn = {03029743},
    pmid = {27524487},
    arxivId = {cs/0602007}
}

@article{gRPC-Documentation2019Last2019,
    title = {{Last visited May 4th 2019}},
    year = {2019},
    author = {{gRPC-Documentation}},
    url = {https://grpc.io/docs/}
}

@misc{Banks2014MQTT2018,
    title = {{MQTT Version 3.1.1. Last visited Dec 15 2018}},
    year = {2014},
    author = {Banks, Andrew and Gupta, Rahul},
    url = {http://docs.oasis-open.org/mqtt/mqtt/v3.1.1/os/mqtt-v3.1.1-os.html}
}

@misc{VDMA2015OPC2019,
    title = {{OPC UA f{\"{u}}r Machine Vision? Last visited May 4th 2019}},
    year = {2015},
    author = {{VDMA}},
    url = {https://www.invision-news.de/allgemein/opc-ua-fuer-machine-vision/}
}

@misc{N.A.OPC2019,
    title = {{OPC UA Python/ Last visited May 4th 2019}},
    author = {{N.A.}},
    url = {https://github.com/FreeOpcUa/python-opcua}
}

@misc{VDMA2018OPCSpecification,
    title = {{OPC UA Vision Companion Specification}},
    year = {2018},
    author = {{VDMA}}
}

@inproceedings{Rublee2011ORB:SURF,
    title = {{ORB: An efficient alternative to SIFT or SURF}},
    year = {2011},
    booktitle = {Proceedings of the IEEE International Conference on Computer Vision},
    author = {Rublee, Ethan and Rabaud, Vincent and Konolige, Kurt and Bradski, Gary},
    isbn = {9781457711015},
    doi = {10.1109/ICCV.2011.6126544},
    issn = {1550-5499},
    pmid = {20033598},
    arxivId = {0710.1980}
}

@inproceedings{Cavalieri2010PerformanceUA,
    title = {{Performance evaluation of OPC UA}},
    year = {2010},
    booktitle = {Proceedings of the 15th IEEE International Conference on Emerging Technologies and Factory Automation, ETFA 2010},
    author = {Cavalieri, Salvatore and Cutuli, Giovanni},
    isbn = {9781424468508},
    doi = {10.1109/ETFA.2010.5641184}
}

@misc{N.A.Pure-javascript-MQTT-broker.2018,
    title = {{Pure-javascript-MQTT-broker. Last visited Dec 15 2018}},
    author = {{N.A.}},
    url = {https://1sheeld.com/mqtt-protocol/pure-javascript-mqtt-broker/}
}

@misc{MacKenzie2006ReferenceStandard,
    title = {{Reference Model for Service Oriented Architecture 1.0. OASIS Standard}},
    year = {2006},
    booktitle = {OASIS Open},
    author = {MacKenzie, Cm M. and Laskey, Ken and McCabe, Francis and Brown, Peter F. and Metz, Rebekah}
}

@misc{Sayfan2018REST2018,
    title = {{REST vs. gRPC: Battle of the APIs. Last visited Dec 15 2018}},
    year = {2018},
    author = {Sayfan, Gigi},
    url = {https://code.tutsplus.com/tutorials/rest-vs-grpc-battle-of-the-apis--cms-30711}
}

@inproceedings{Bass2007RiskEvaluations,
    title = {{Risk themes discovered through architecture evaluations}},
    year = {2007},
    booktitle = {2007 Working IEEE/IFIP Conference on Software Architecture (WICSA'07)},
    author = {Bass, Len and Nord, Robert and Wood, William and Zubrow, David},
    isbn = {0769527442},
    doi = {10.1109/WICSA.2007.37}
}

@inproceedings{Waite2015ScalableContainers,
    title = {{Scalable Microservices with gRPC, Kubernetes, and Containers}},
    year = {2015},
    author = {Waite, Mandy},
    url = {https://speakerdeck.com/googlecloudplatform/scalable-microservices-with-grpc-kubernetes-and-containers-devfest-ukraine?slide=2},
    address = {Ukraine}
}

@article{Welke2011Service-orientedMaturity,
    title = {{Service-oriented architecture maturity}},
    year = {2011},
    journal = {Computer},
    author = {Welke, Richard and Hirschheim, Rudy and Schwarz, Andrew},
    doi = {10.1109/MC.2011.56},
    issn = {00189162},
    keywords = {Information technology, Service-oriented architecture}
}

@incollection{Chollet2013Service-OrientedComputing,
    title = {{Service-Oriented Computing}},
    year = {2013},
    booktitle = {Service Life Cycle Tools and Technologies},
    author = {Chollet, St√©phanie and Lalanda, Philippe and Bardin, Jonathan},
    isbn = {0470091487},
    doi = {10.4018/978-1-61350-159-7.ch001},
    issn = {0004069X}
}

@article{Bay2008Speeded-UpSURF,
    title = {{Speeded-Up Robust Features (SURF)}},
    year = {2008},
    journal = {Computer Vision and Image Understanding},
    author = {Bay, Herbert and Ess, Andreas and Tuytelaars, Tinne and Van Gool, Luc},
    isbn = {9783540338321},
    doi = {10.1016/j.cviu.2007.09.014},
    issn = {10773142},
    pmid = {16081019},
    arxivId = {arXiv:1011.1669v3},
    keywords = {Camera calibration, Feature description, Interest points, Local features, Object recognition}
}

@article{Dizdarevic2018SurveyIntegration,
    title = {{Survey of Communication Protocols for Internet-of-Things and Related Challenges of Fog and Cloud Computing Integration}},
    year = {2018},
    author = {Dizdarevic, Jasenka and Carpio, Francisco and Jukan, Admela and Masip-Bruin, Xavi},
    arxivId = {1804.01747}
}

@book{Brunelli2009TemplatePractice,
    title = {{Template Matching Techniques in Computer Vision: Theory and Practice}},
    year = {2009},
    booktitle = {Template Matching Techniques in Computer Vision: Theory and Practice},
    author = {Brunelli, Roberto},
    isbn = {9780470517062},
    doi = {10.1002/9780470744055},
    issn = {0067-8856},
    pmid = {1643228}
}

@misc{OpenCV-Documentation2014Template2018,
    title = {{Template Matching. Last visited Dec 15 2018}},
    year = {2014},
    author = {{OpenCV-Documentation}},
    url = {https://docs.opencv.org/2.4/doc/tutorials/imgproc/histograms/template_matching/template_matching.html}
}

@inproceedings{Kazman1998TheMethod,
    title = {{The architecture tradeoff analysis method}},
    year = {1998},
    booktitle = {Proceedings of the IEEE International Conference on Engineering of Complex Computer Systems, ICECCS},
    author = {Kazman, R. and Klein, M. and Barbacci, M. and Longstaff, T. and Lipson, H. and Carriere, J.},
    isbn = {0818685972},
    doi = {10.1109/ICECCS.1998.706657}
}

@misc{OpenCV-DocumentationTutorial2018,
    title = {{Tutorial AKAZE Matching. Last visited Dec 15 2018}},
    author = {{OpenCV-Documentation}},
    url = {https://docs.opencv.org/3.4/db/d70/tutorial_akaze_matching.html}
}

@misc{RabittMQ-Documentation2018Which2018,
    title = {{Which protocols does RabbitMQ support? Last visited Dec 15 2018}},
    year = {2018},
    author = {{RabittMQ-Documentation}},
    url = {https://www.rabbitmq.com/protocols.html}
}

@misc{Chris2017Why2018,
    title = {{Why and How to Move from Heroku to Docker. Last visited Dec 15 2018}},
    year = {2017},
    author = {Chris, Tozzi},
    url = {https://codefresh.io/docker-tutorial/move-heroku-docker/}
}